<?xml version="1.0" encoding="UTF-8"?><collection xmlns="http://www.loc.gov/MARC21/slim"><record><leader>00604nam--2200169-i-4500</leader><controlfield tag="001">000049423</controlfield><controlfield tag="002">20161230</controlfield><controlfield tag="005">20161230201047</controlfield><controlfield tag="008">060222s1000------------r-----000-0-eng-d</controlfield><datafield ind1=" " ind2=" " tag="040"><subfield code="a">IFIN-HH</subfield></datafield><datafield ind1=" " ind2=" " tag="080"><subfield code="a">539.166.3</subfield></datafield><datafield ind1="1" ind2=" " tag="100"><subfield code="a">Patterson, David Owen</subfield></datafield><datafield ind1="1" ind2="0" tag="245"><subfield code="a">Pressure dependence of the energy of the resonance gamma ray of 197au and the hyperfine structure coupling of 197au in the ordered gold-manganese alloys</subfield><subfield code="b">Dissertation</subfield><subfield code="c">David owen patterson</subfield></datafield><datafield ind1=" " ind2=" " tag="260"><subfield code="a">Ann Arbor, Michigan</subfield><subfield code="b">University Microfilms, Inc</subfield><subfield code="c">1966</subfield></datafield><datafield ind1=" " ind2=" " tag="300"><subfield code="a">IX+104P</subfield></datafield><datafield ind1=" " ind2=" " tag="852"><subfield code="a">32416</subfield><subfield code="c">539.16</subfield></datafield><datafield ind1=" " ind2=" " tag="CAT"><subfield code="a">Sys</subfield><subfield code="c">20120514</subfield><subfield code="h">170605</subfield></datafield></record></collection>